<?xml version="1.0" encoding="UTF-8"?><collection xmlns="http://www.loc.gov/MARC21/slim"><record><leader>00382nam--2200133-i-4500</leader><controlfield tag="001">000040921</controlfield><controlfield tag="002">20161230</controlfield><controlfield tag="005">20161230201042</controlfield><controlfield tag="008">060222s1000------------r-----000-0-eng-d</controlfield><datafield ind1=" " ind2=" " tag="080"><subfield code="a">53(092):530.145.61</subfield></datafield><datafield ind1=" " ind2=" " tag="100"><subfield code="a">Scott, William T</subfield></datafield><datafield ind1=" " ind2=" " tag="245"><subfield code="a">Erwin schrodinger. an introduction to his writings</subfield></datafield><datafield ind1=" " ind2=" " tag="260"><subfield code="a">Massachusetts, Univ.Of Massachusetts Press, 1967, Xv + 175p</subfield></datafield><datafield ind1=" " ind2=" " tag="852"><subfield code="a">75363</subfield></datafield></record></collection>